%% This BibTeX bibliography file was created using BibDesk.
%% http://bibdesk.sourceforge.net/


%% Created for William Matthews at 2018-05-04 22:19:45 +0100 


%% Saved with string encoding Unicode (UTF-8) 



@article{power:solar,
	Author = {EQL Energy, LLC},
	Date-Added = {2018-05-04 21:14:13 +0000},
	Date-Modified = {2018-05-04 21:15:53 +0000},
	Journal = {Western Interstate Energy Board},
	Title = {Emerging Changes in Electric Distribution Systems in Western States and Provinces},
	Year = {2015}}

@misc{power:maui,
    Author = {Hawaii State Energy Office},
    Title={Hawaii Energy Facts and Figures},
    howpublished = {\url{https://energy.hawaii.gov/wp-content/uploads/2014/11/HSEO_FF_Nov2014.pdf}},
    Note = {Last Accessed 2/12/2017}}

@misc{power:EIA,
	Author = {EIA},
	Date-Added = {2018-05-04 20:54:58 +0000},
	Date-Modified = {2018-05-04 20:56:42 +0000},
	Lastchecked = {30 November 2017},
	Title = {EIA API Query Browser},
	howpublished = {\url{https://www.eia.gov/opendata/qb.php?category=2123635}},
	Note = {Last Accessed 13/2/2018}}

@misc{power:loadcurve,
    Author = {Hawaiian Electric Company, Inc. (US)},
    Title = {Maui Electric - 24-Hour Availability},
    howpublished = {\url{https://www.mauielectric.com/clean-energy-hawaii/clean-energy-facts/reliability/24-hour-availability}},
    Note = {Last Accessed 23 November 2017}}

@misc{power:natgridblack,
	Author = {National Grid},
	Date-Added = {2018-05-04 20:54:20 +0000},
	Date-Modified = {2018-05-04 20:54:45 +0000},
	Title = {Black Start Strategy},
	howpublished = {\url{https://www.nationalgrid.com/sites/default/files/documents/High\%20Level\%20Black\%20Start\%20Strategy.pdf}},
	Note = {Last Accessed 2/1/2018}}

@misc{power:rdump,
	Author = {ComRent Load Bank Soluitions},
	Date-Added = {2018-05-04 20:51:25 +0000},
	Date-Modified = {2018-05-04 20:54:06 +0000},
	Note = {Last Accessed 1/2/2018},
	Title = {Datasheet for Resistive Load Dump},
	howpublished = {\url{https://www.comrent.com/wp-content/uploads/2016/11/MS110-1000kw.pdf}}}

@mastersthesis{power:inertia,
	Author = {Knap. V, Sinha. R},
	Date-Added = {2018-05-04 20:49:02 +0000},
	Date-Modified = {2018-05-04 20:50:55 +0000},
	School = {Aalborg University, Denmark},
	Title = {Grid Inertial Response with Lithium-ion Battery Energy Storage Systems},
	Year = {2013}}

@mastersthesis{power:markovP,
	Author = {M. K. Haider, A. K. Ismail, I. A.},
	Date-Added = {2018-05-04 20:47:25 +0000},
	Date-Modified = {2018-05-04 20:51:13 +0000},
	School = {Lahore University of Management Sciences},
	Title = {Markovian Models for Electrical Load Prediction in Smart Buildings},
	Year = {2013}}

@book{power:controlman,
	Author = {Kwakernaak, Huibert, Sivan},
	Date-Added = {2018-05-04 20:46:33 +0000},
	Date-Modified = {2018-05-04 20:47:25 +0000},
	Publisher = {Wiley-Interscience},
	Title = {Linear Optimal Control Systems. First Edition.},
	Year = {1972}}

@conference{power:augstate,
	Author = {H. G. Malkapure, M. Chidambaram},
	Booktitle = {Third International Conference on Advances in Control and Optimization of Dynamical Systems},
	Date-Added = {2018-05-04 20:44:16 +0000},
	Date-Modified = {2018-05-04 20:46:29 +0000},
	Title = {Comparison of Two Methods of Incorporating an Integral Action in Linear Quadratic Regulator},
	Year = {2014}}

@conference{power:kalman,
	Author = {R. Mehra, S. Seereeram, D. Bayard, F. Hadaegh},
	Booktitle = {Proceedings of International Conference on Control Applications},
	Date-Added = {2018-05-04 16:06:15 +0000},
	Date-Modified = {2018-05-04 16:07:53 +0000},
	Title = {Adaptive Kalman filtering, failure detection and identification for spacecraft attitude estimation},
	Year = {1995}}

@misc{power:NOAA,
	Author = {NOAA},
	Date-Added = {2018-05-04 16:05:55 +0000},
	Date-Modified = {2018-05-04 21:12:24 +0000},
	Note = {Last Accessed 30/11/2017},
	Title = {NOAA Integrated Surface Database},
	howpublished = {\url{https://www.ncdc.noaa.gov/data-access/quick-links#dsi-3505}}}

@misc{power:wturbdata,
	Author = {General Electric},
	Date-Added = {2018-05-04 16:04:28 +0000},
	Date-Modified = {2018-05-04 20:53:27 +0000},
	Note = {Last Accessed 10/1/2018},
	Title = {GE Haliade 150-6MW Datasheet},
	howpublished = {\url{http://offshorewind.net/wp-content/uploads/2016/01/Haliade-150-6MW-offshore-wind-turbine.pdf}}}

@article{power:wturbine,
	Author = {V. Sohoni, S. C. Gupta, R. K. Nema},
	Date-Added = {2018-05-04 16:03:17 +0000},
	Date-Modified = {2018-05-04 16:04:27 +0000},
	Journal = {Journal of Energy},
	Title = {A Critical Review on Wind Turbine Power Curve Modelling Techniques and Their Applications in Wind Based Energy Systems},
	Year = {2016}}

@article{power:vi,
	Author = {A. Ulbig, T. S. Borsche, G. Andersson},
	Date-Added = {2018-05-04 15:59:18 +0000},
	Date-Modified = {2018-05-04 16:03:13 +0000},
	Journal = {IFAC Proceedings },
	Pages = {7290-7297},
	Publisher = {ELSEVIER},
	Title = {Impact of Low Rotational Inertia on Power System Stability and Operation},
	Volume = {47},
	Year = {2014}}

@book{power:swing,
	Author = {J. Grainger, W. D. Stevenson},
	Date-Added = {2018-05-04 15:57:54 +0000},
	Date-Modified = {2018-05-04 15:59:16 +0000},
	Publisher = {McGraw-Hill},
	Title = {Power system analysis.},
	Year = {1994}}

@article{power:timecorrection,
	Author = {Y. Zhang, W. Yao 1, S. You, W. Yu, L. Wu, Y. Cui, Y. Liu },
	Date-Added = {2018-05-04 15:55:57 +0000},
	Date-Modified = {2018-05-04 15:57:52 +0000},
	Journal = {MDPI Energies},
	Title = {Impacts of Power Grid Frequency Deviation on Time Error of Synchronous Electric Clock and Worldwide Power System Practices on Time Error Correction},
	Year = {2017}}

@book{power:mpcadvs,
	Author = {B. Kouvaritakis, M. Cannon},
	Date-Added = {2018-05-04 15:51:55 +0000},
	Date-Modified = {2018-05-04 15:55:56 +0000},
	Publisher = {Springer},
	Title = {Model Predictive Control, Classical, Robust and Stochastic},
	Year = {2016}}

@article{power:freqs,
	Author = {B. J. Kirby, J. Dyer, C. Martinez, Dr. Rahmat A. Shoureshi, R. Guttromson, J. Dagle},
	Date-Added = {2018-05-04 15:48:05 +0000},
	Date-Modified = {2018-05-04 15:51:35 +0000},
	Journal = {Consortium for Electric Reliability Technology Solutions},
	Title = {Frequency Control Concerns In The North American Electric Power System},
	Year = {2002}}
