%% This BibTeX bibliography file was created using BibDesk.
%% http://bibdesk.sourceforge.net/


%% Created for William Matthews at 2018-05-07 16:36:12 +0100 


%% Saved with string encoding Unicode (UTF-8) 



@misc{intro:energy,
	Author = {Wind Powering America},
	Date-Added = {2018-05-07 15:34:42 +0000},
	Date-Modified = {2018-05-07 15:35:55 +0000},
	Howpublished = {{\url{http://www.windpoweringamerica.gov/wind_installed_capacity.asp}}},
	Title = {Wind Powering America: Installed U.S. Wind Capacity and Wind Project Locations},
	Year = {Last Accessed 10 October 2017}}

@misc{intro:windspeed,
	Author = {NOAA},
	Date-Added = {2018-05-07 15:33:55 +0000},
	Date-Modified = {2018-05-07 15:34:32 +0000},
	Howpublished = {{\url{https://www.ncdc.noaa.gov/data-access/quick-links#dsi-3505}}},
	Title = {NOAA Integrated Surface Database},
	Year = {Last Accessed 20 December 2018}}

@misc{intro:price,
	Author = {EIA},
	Date-Added = {2018-05-07 15:32:46 +0000},
	Date-Modified = {2018-05-07 15:33:52 +0000},
	Howpublished = {{\url{https://www.eia.gov/electricity/monthly/epm_table_grapher.php?t=epmt_5_6_a}}},
	Title = {Electric Power Monthly},
	Year = {Last Accessed 6 April 2018}}

@misc{intro:oilimport,
	Author = {Hawaiian Electric},
	Date-Added = {2018-05-07 15:31:33 +0000},
	Date-Modified = {2018-05-07 15:32:45 +0000},
	Howpublished = {{\url{https://www.hawaiianelectric.com/Documents/about_us/company_facts/power_facts.pdf}}},
	Title = {Power Facts},
	Year = {Last Accessed 6 April 2018}}

@article{intro:growth,
	Author = {Energy Management for Smart Grid, Cities and Buildings: Opportunities for battery electricity storage solutions},
	Date-Added = {2018-05-07 15:30:28 +0000},
	Date-Modified = {2018-05-07 15:31:31 +0000},
	Journal = {i-Micronews},
	Title = {Yole-Developpement},
	Year = {2015}}
