@misc{website:spg,
      author = "Space Propulsion Group",
      title = "Clean Energy \& Power Generation",
      url = "{http://www.spg-corp.com/clean-energy-power-generation.html}",
      howpublished = "\url{http://www.spg-corp.com/clean-energy-power-generation.html}",
      note = "Online; accessed 15 December 2017"
}

@techreport {FL,
      Author = "Carl Yaws",
      title = "Lower and Upper Explosive Limits for Flammable Gases and Vapors (LEL/UEL)",
      year = "2013",
     institution = "Matheson Gas Products",}