@inbook{ hexbook,
title = {Chemical Process Design and Integration},
author = {Smith, Robin},
year = {2005},
publisher = {Wiley},
pages = {357-428},
}

@techreport {lecture:hex,
      author = {Yang, Aidong},
      title = {Energy Integration by Pinch Technology},
      year = {2017},
     institution = {Department of Engineering Science, Oxford University}
}

@misc{website:cp,
      author = "The Engineering Toolbox",
      title = "Specific heat and Individual Gas Constant of Gases",
      url = "{https://www.engineeringtoolbox.com/specific-heat-capacity-gases-d_159.html}",
      howpublished = "\url{https://www.engineeringtoolbox.com/specific-heat-capacity-gases-d_159.html}",
      note = "Online; accessed 12-April-2018"
}

@techreport {hexcoeff,
  author    = {Shawabken, R},
  title     = {Step-by-Step for Heat Exchanger Design},
  institution   = {'King Fand University of Petroleum and Minerals},
  year      = "2015",
}