@misc{website:mauielectric,
      author = "Maui Electric",
      title = "About Our Fuel Mix",
      url = "{https://www.mauielectric.com/clean-energy-hawaii/clean-energy-facts/about-our-fuel-mix}",
      howpublished = "\url{https://www.mauielectric.com/clean-energy-hawaii/clean-energy-facts/about-our-fuel-mix}",
      note = "Online; accessed 23 April 2018"
}

@techreport {GHG,
      author = "McIntyre et. al.",
      title = "Comparison of Lifecycle Greenhouse Gas Emissions of Various Electricity Generation Sources",
      year = "2011",
     institution = "World Nuclear Association",
     }
    
@misc{website:hcei,
      author = "Hawaii Clean Energy Initiative",
      title = "Hawaii Clean Energy Initiative",
      url = "{http://www.hawaiicleanenergyinitiative.org/}",
      howpublished = "\url{http://www.hawaiicleanenergyinitiative.org/}",
      note = "Online; accessed 28 April 2018"
} 