@techreport{KLM,
    author    = "Reni Mutiara Sari",
    title     = "{{General Process Plant Cost Estimating (Engineering Design Guideline)}}",
    institution = "KLM Technology Group",
    year      = "2015",
    month    = "June",
    %note     = "",
}

@misc{LM8,
      author = "Kyle Brinkman, Kevin Huang",
      title = "{{Special Section: Energy - Solid Oxide Fuel Cells and Membranes}}",
      month = "July",
      year = "2016",
      note = "CEP Magazine, \url{https://en.wikipedia.org/wiki/Solid_oxide_fuel_cell} [Online, last accessed 7/4/2018]",


%4. “Definition and sensitivity analysis of a finite volume SOFC model for a tubular cell geometry”, Campanari, Iora (2004)
@article{LM4,
    author    = "S. Campanari, P. Iora",
    title     = "{{Definition and sensitivity analysis of a finite volume SOFC model for a tubular cell geometry}}",
    journal   = "Journal of Power Sources",
    volume   = "132",
    pages    = "113-126",
    year      = "2004",
}

@article{Kumar2015,
    author      = "Kumar, R., Sharma, A.K. \& Tewari, P.C",
    title       = "{{Cost analysis of a coal-fired power plant using the NPV method}}",
    journal     = "Journal of Industrial Engineering International",
    volume      = "11",
    pages       = "495-504",
    year        = "2015",
    }

@misc{Sokanu,
      author = "Sokanu",
      title = "{{Power Plant Operator Salary}}",
      year = "2018",
      note = "Careers website, \url{https://www.sokanu.com/careers/power-plant-operator/salary/} [last accessed 3/5/2018]"
      }
      
 @misc{EIAdata,
      author = "US Energy Information Administration",
      title = "{{Average Price of Electricity to Ultimate Customers by End-Use Sector}}",
      month = "April",
      year = "2018",
      note = "\url{https://www.eia.gov/electricity/monthly/epm_table_grapher.php?t=epmt_5_6_a} [last accessed 3/5/2018]"
      }

@misc{Solar,
      author = "Solar Hawaii",
      title = "{{Top 3 Reasons why electricity is so high in Hawaii}}",
      month = "August",
      year = "2012",
      note = "\url{http://www.solar-hawaii.org/2012/08/22/top-3-reasons-why-electricity-is-so-high-in-hawaii/} [last accessed 3/5/2018]"
      }
      
@misc{IER,
      author = "Institute for Energy Research",
      title = "{{Levelized Cost of New Electricity Generating Technologies, 2013}}",
      year = "2013",
      note = "\url{https://www.instituteforenergyresearch.org/wp-content/uploads/2009/05/2.15.13-IER-Web-LevelizedCost-MKM.pdf} [last accessed 3/5/2018]"
      }



