1. https://en.wikipedia.org/wiki/Solid_oxide_fuel_cell (as seen 2/2018)
@misc{LM1,
    author    = "Wikipedia",
    title     = "{{Solid Oxide Fuel Cell}}",
    howpublished = "\url{https://en.wikipedia.org/wiki/Solid_oxide_fuel_cell}",
    year     = "2018",
    note     = "[Online, last accessed 5/2/2018]",

}

2. “Design \& Development of planar solid oxide fuel cell”, Adolfo (2013)
@phdthesis{LM2,
	author		= "Gustavo Adolfo Ortigoza Villabla",
	title		= "{{Design \& Development of planar solid oxide fuel cell}}",
	school		= "Politecnico di Torino",
	year		= "2013",
}

3. “Energy \& Exergy analyses of direct ammonia solid oxide fuel cell integrated with gas turbine power cycle”, Ishak et al. (2012)
@article{LM3,
    author    = "F. Ishak, I. Dincer, C. Zamfirescu",
    title     = "{{Energy \& Exergy analyses of direct ammonia solid oxide fuel cell integrated with gas turbine power cycle}}",
    journal   = "Journal of Power Sources",
    volume   = "212",
    pages    = "73-85",
    year      = "2012",
}
4. “Definition and sensitivity analysis of a finite volume SOFC model for a tubular cell geometry”, Campanari, Iora (2004)
@article{LM4,
    author    = "S. Campanari, P. Iora",
    title     = "{{Definition and sensitivity analysis of a finite volume SOFC model for a tubular cell geometry}}",
    journal   = "Journal of Power Sources",
    volume   = "132",
    pages    = "113-126",
    year      = "2004",
}

5. “Thermodynamic analysis of ammonia-fed solid oxide fuel cells”, Ishak et al. (2011).
@article{LM5,
    author    = "F. Ishak, I. Dincer, C. Zamfirescu",
    title     = "{{Thermodynamic analysis of ammonia-fed solid oxide fuel cells}}",
    journal   = "Journal of Power Sources",
    volume   = "202",
    pages    = "157-165",
    year      = "2012",
}

6. “A review of numerical modelling of solid oxide fuel cells”, Kakaç et al. (2007)
@article{LM6,
    author    = "Sadik Kakaça, Anchasa Pramuanjaroenkij, Xiang Yang Zhou",
    title     = "{{A review of numerical modelling of solid oxide fuel cells}}",
    journal   = "International Journal of Hydrogen Energy",
    volume   = "32",
    pages    = "761-786",
    year      = "2007",
}

7. “Implementing thermal management modelling into SOFC system-level design”, Kattke \& Braun, (2010)
@conference{LM7,
    author    = "K. J. Kattke, R. J. Braun",
    title     = "{{Implementing thermal management modelling into SOFC system-level design}}",
    booktitle   = "Journal of Fuel Cell Science and Technology",
    year      = "2010",
    month    = "January",
}

8. “CEP Magazine, online source - https://www.aiche.org/resources/publications/cep/2016/july/special-section-energy-solid-oxide-fuel-cells-and-membranes” (last accessed 7/4/2018)
@misc{LM8,
      author = "Kyle Brinkman, Kevin Huang",
      title = "{{Special Section: Energy - Solid Oxide Fuel Cells and Membranes}}",
      month = "July",
      year = "2016",
      note = "CEP Magazine, \url{https://en.wikipedia.org/wiki/Solid_oxide_fuel_cell} [Online, last accessed 7/4/2018]",
}

9. “Cathode materials based on perovskite-like transition metal oxides for intermediate temperature solid oxide fuel cells”, Istomin \& Antipov (2013)
@article{LM9,
    author    = "Sergey Ya. Istomin, Evgeny V. Antipov",
    title     = "{{Cathode materials based on perovskite-like transition metal oxides for intermediate temperature solid oxide fuel cells}}",
    journal   = "Russian Chemical Reviews",
    year      = "2013",
    month    = "July",
}

10. “High Temperature Solid Oxide Fuel Cells (Fundamentals, Design and Applications)”, Singhal, C.S. and Kendall, K. (2003)
@book{LM10,
    author    = "Singhal, C.S. and Kendall, K.",
    title     = "{{High Temperature Solid Oxide Fuel Cells (Fundamentals, Design and Applications)}}",
    publisher = "Elsevier Science",
    edition  = "1st Edition",
    year      = "2003",
}

11. “Heat capacity and thermodynamic properties of lanthanum(III) chromate(III)”, Sakai \& Stolen (1994)
@article{LM11,
    author    = "Natsuko Sakaia and Svein Stolen",
    title     = "{{Heat capacity and thermodynamic properties of lanthanum(III) chromate(III) at temperatures from 298.15 K - Evaluation of the thermal-conductivity}}",
    journal   = "Journal of Chemical Thermodynamics",
    volume   = "27",
    pages    = "493 - 506",
    year      = "1995",
}

12. “Morphology and thermal conductivity of yttria-stabilized zirconia coatings”, Zhao et al. (2006)
@article{LM12,
    author    = "Hengbei Zhao, Fengling Yu, Ted D. Bennett, Haydn N.G. Wadley",
    title     = "{{Morphology and thermal conductivity of yttria-stabilized
zirconia coatings}}",
    journal   = "Acta Materialia",
    volume   = "54",
    pages    = "5195-5207",
    year      = "2006",
}

13. Neutrium, engineering education website - https://neutrium.net/he
at_transfer/radiative-heat-transfer-coefficient/ (last accessed 9/4/2018)
@misc{LM13,
      author = "Neutrium",
      title = "{{Radiative Heat Transfer Coefficient}}",
      month = "July",
      year = "2012",
      note = "\url{https://neutrium.net/heat_transfer/radiative-heat-transfer-coefficient/} [Online, last accessed 9/4/2018]",
}
14. European Insulation Manufacturers Association - https://www.eurima.org/about-mineral-wool/basics-of-heat-transfer.html
@misc{LM14,
      author = "European Insulation Manufacturers Association",
      title = "{{Basics of Heat Transfer}}",
      year = "2011",
      note = "\url{https://www.eurima.org/about-mineral-wool/basics-of-heat-transfer.html} [Online, last accessed 9/4/2018]",
      }
      
15. Engineering Toolbox - https://www.engineeringtoolbox.com/insulation-temperatures-d_922.html (last accessed 9/4/2018)
@misc{LM15,
      author = "Engineeing Toolbox",
      title = "{{Insulation Materials - Temperature Ranges}}",
      year = "2005",
      note = "\url{https://www.engineeringtoolbox.com/insulation-temperatures-d_922.html} [Online, last accessed 9/4/2018]",
}

16. Engineering Toolbox - https://www.engineeringtoolbox.com/melting-temperature-metals-d_860.html (last accessed 14/4/2018)
@misc{LM16,
      author = "Engineering Toolbox",
      title = "{{Metals - Melting Temperatures}}",
      year = "2005",
      note = "\url{https://www.engineeringtoolbox.com/melting-temperature-metals-d_860.html} [Online, last accessed 14/4/2018]",
}

17. “Dynamic performance analysis of a fuel-control valve for use in airbreathing engine research”, Butterton \& Zeller, NASA technical note (1969)
@techreport{LM17,
    author    = "Peter G. Butterton and John R. Zeller",
    title     = "{{Dynamic performance analysis of a fuel-control valve for use in airbreathing engine research}}",
    institution = "National Aeronautics and Space Administration",
    address  = "Lewis Research Center, Cleveland, Ohio",
    year      = "1969",
}

18. “Handout: Step-by-step for Heat Exchanger Design”, Shawabkeh (2015)

@techreport{LM18,
    author    = "Dr. Reyad Shawabkeh",
    title     = "{{Handout: Step-by-step for Heat Exchanger Design}}",
    institution = "King Fahd University of Petroleum \& Minerals",
    year      = "2015",
}

19. EIA website - https://www.eia.gov/tools/faqs/faq.php?id=107\&t=3
@misc{LM19,
      author = "US Energy Information Administration",
      title = "{{What is the efficiency of different types of power plants?}}",
      month = "May",
      year = "2017",
      note = "\url{https://www.eia.gov/tools/faqs/faq.php?id=107\&t=3} [Online, last accessed 9/4/2018]",
}

20. “A Total Cost of Ownership Model for Solid Oxide Fuel Cells in Combined Heat and Power and Power Only Applications”, Scataglini (2015)
@techreport{LM20,
    author    = "Roberto Scataglini et. al",
    title     = "{{A Total Cost of Ownership Model for Solid Oxide Fuel Cells in Combined Heat and Power and Power Only Applications}}",
    institution = "Ernest Orlando Lawrence Berkeley National Laboratory",
    year      = "2015",
    month    = "December",
}



21. “Manufacturing cost analysis of 1 KW and 5 KW Solid Oxide Fuel Cell (SOFC) for auxiliary power applications”, Battelle Memorial Institute (2014)
@techreport{LM21,
    author    = "Battelle",
    title     = "{{Manufacturing cost analysis of 1 KW and 5 KW Solid Oxide Fuel Cell (SOFC) for auxiliary power applications}}",
    institution = "Battelle Memorial Institute",
    address  = "505 King Avenue, Columbus, OH 43201",
    year      = "2014",
    month    = "February",
}

22. “Study of equipment prices in the power sector”, Pauschert (2009)
@techreport{LM22,
    author    = "Dirk Pauschert",
    title     = "{{Study of equipment prices in the power sector}}",
    institution = "Energy Sector Management Assistance Program",
    year      = "2009",
}

23. “Thermoeconomic Modeling and Parametric Study of Hybrid Solid Oxide Fuel Cell - Gas Turbine - Steam Turbine Power Plants Ranging from 1.5 MWe to 10 MWe”, Arsalis (2009)
@techreport{LM23,
    author    = "Alexandros Arsalis",
    title     = "{{Thermoeconomic Modeling and Parametric Study of Hybrid Solid Oxide Fuel Cell - Gas Turbine - Steam Turbine Power Plants Ranging from 1.5 MWe to 10 MWe}}",
    institution    = "Virginia Polytechnic Institute and State University",
    type     = "Master of Science in Mechanical Engineering", 
    year      = "2009",
    month    = "January",
}

24. “Towards a Large SOFC power plant”, Rosenburg et. Al (2010)
@techreport{LM24,
    author    = "Rolf Rosenberg et al.",
    title     = "{{Towards a Large SOFC power plant}}",
    institution = "VTT Technical Research Centre of Finland",
    year      = "2010",
    month    = "May",
}

25. Space Propulsion Group website: http://www.spg-corp.com/clean-energy-power-generation.html (last accessed 19/4/2018)
@misc{LM25,
      author = "Space Propulsion Group",
      title = "Clean Energy \& Power Generation",
      year = "2018",
      note = "\url{http://www.spg-corp.com/clean-energy-power-generation.html} [Online, last accessed 19/4/2018]",
}

Journal of Power Sources
Volume 118, Issues 1-2, 25 May 2003, Pages 96-107	Journal of Power Sources
A global thermo-electrochemical model for SOFC systems design and engineering
Author links open overlay panelL.PetruzziS.CocchiF.Fineschi

@article{PR2,
    author    = "L. Petruzzi, S. Cocchi, F. Fineschi",
    title     = "{{A global thermo-electrochemical model for SOFC
systems design and engineering}}",
    journal   = "Journal of Power Sources",
    volume   = "118",
    pages    = "96-107",
    year      = "2003",
}

@article{PR7,
    author    = "Lin Liu, Gap-Yong Kim, Abhijit Chandra",
    title     = "{{Modeling of thermal stresses and lifetime prediction of planar solid oxide fuel cell under thermal cycling conditions}}",
    journal   = "Journal of Power Sources",
    volume   = "195",
    pages    = "2310-2318",
    year      = "2010",
}

%3. “Energy \& Exergy analyses of direct ammonia solid oxide fuel cell integrated with gas turbine power cycle”, Ishak et al. (2012)
%@article{LM3,
%    author    = "F. Ishak, I. Dincer, C. Zamfirescu",
%    title     = "{{Energy \& Exergy analyses of direct ammonia solid oxide fuel cell integrated with gas %turbine power cycle}}",
%    journal   = "Journal of Power Sources",
%    volume   = "212",
%    pages    = "73-85",
%    year      = "2012",

@book{MD,
    author    = "H. A. Taroco, J. A. F. Santos, R. Z. Domingues and T. Matencio",
    title     = "{{Ceramic Materials for Solid Oxide Fuel Cells, Advances in Ceramics - Synthesis and Characterization, Processing and Specific Applications,}}",
    publisher = "InTech",
    edition  = "1st Edition",
    year      = "2011",
}

http://www.massengineers.com/Documents/isentropic_efficiency.htm


@misc{NC,
      author = "Russ Reeves",
      title = "Isentropic Efficiency of a Steam Condensing Turbine",
      year = "2008",
      note = "\url{http://www.massengineers.com/Documents/isentropic_efficiency.htm} [Online, last accessed 4/5/2018]",
}

@misc{JANAF,
      author = "National Institute of Standards and Technology",
      title = "NIST-JANAF Thermochemical Tables",
      year = "2013",
      note = "\url{https://janaf.nist.gov/} [Online, last accessed 19/4/2018]",
}