@book{hands1986,
    author      = "Hands, B.A.",
    title       = "Cryogenic Engineering",
    year        = "1986",
    publisher   = "Academic Press",
    address     = "London",
	ISBN        = "0-12-322990-1"
}
 
@book{barron1985,
    author      = "Barron, Randall F.",
    title       = "Cryogenic Systems",
    year        = "1985",
    publisher   = "Oxford University Press",
    address     = "New York",
 	ISBN        = "0-19-503567-4"
}

@book{HLT,
    author      = "Howatson, A.M. and Lund, P.G. and Todd, J.D.",
    title       = "Engineering tables and data",
    year        = "2009",
    publisher   = "Department of Engineering Science, University of Oxford",
    address     = "Oxford",
 	ISBN        = "0-9526208-3-9"
}

@book{douglas1988,
    author      = "Douglas, James M.",
    title       = "Conceptual Design of Chemical Process",
    publisher   = "McGraw-Hill",
    year        = "1988",
    address     = "Singapore",
    ISBN        = "0-07-100195-6"
}

@book{treybal2004,
    author      = {Treybal, Robert E.},
    title       = {Mass-Transfer Operations}, 
    publisher   = "McGraw-Hill", 
    year        = "2004",
    address     = "New York", 
    edition     = "3rd",
    ISBN        = "0-07-066615-6"
}

@book{peters1991,
    author      = "Peters, M.S. and Timmerhaus, K.D.",
    title       = "Plant Design And Economics For Chemical Engineers",
    year        = "1991",
    publisher   = "McGraw-Hill",
    address     = "Singapore",
    edition     = "4th",
 	ISBN        = "0-07-100871-3"
}

@book{perry2007,
    author      = "Green, Don W. and Perry, Robert H.",
    title       = "Chemical Engineers' Handbook",
    year        = "2007",
    publisher   = "McGraw-Hill",
    address     = "New York",
    edition     = "8th",
}


@misc{linde_PSA,
    author      = "{Linde Engineering}",
    title       = "Pressure Swing Adsorption Plants",
    howpublished = {[Online] \url{https://www.linde-engineering.com/internet.global.lindeengineering.global/en/images/HA\%20\_1\_1\_e\_12\_150dpi\_NB19\_4468.pdf?v=8.0}},
    address     = "Pullach",
    year        = "2010",
    note        = "[Accessed 6/3/18]",
}

@misc{linde_cryo,
    author      = "{Linde Engineering}",
    title       = "History and Technological Progress: Cryogenic Air Separation",
    howpublished = {[Online] \url{https://www.linde-engineering.com/internet.global.lindeengineering.global/en/images/Air\_separation\_plants\_History\_and\_progress\_in\_the\_course\_of\_time19\_457349.pdf?v=3.0}},
    address     = "Pullach",
    year        = "2010",
    note        = "[Accessed 6/3/18]",
}

@article{VLEdata,
    author      = "Din, F.",
    title       = "The Liquid-Vapour Equilibrium of the System Nitrogen+Oxygen at Pressures up to 10 atm",
    journal     = "Transactions of the Faraday Society",
    volume      = "56",
    issue       = "0",
    pages       = "668-681",
    publisher   = "The Royal Society of Chemistry",
    year        = "1960",
    DOI         = "10.1039/TF9605600668",
    howpublished = {[Online]  \url{http://dx.doi.org/10.1039/TF9605600668}",
    note        = "[Accessed 2/2/18]",
}

@article{guthrie1969,
    author      = "Guthrie, K.M.",
    title       = "Data and Techniques for Preliminary Capital Cost Estimating",
    journal     = "Chemical Engineering",
    volume      = "{76(6)}",
    year        = "1969",
}

@article{airfilter,
    author      = "Anthony Bennett",
    title       = "Air filtration: Innovations in industrial air filtration",
    journal     = "Filtration+Separation",
    publisher   = "Elsevier Ltd.",
    year        = "2010",
    howpublished = {[Online] \url{http://www.filtsep.com/hvac/features/air-filtration-innovations-in-industrial-air/}},
    note        = "[Accessed 31/3/18]",
}

@misc{white2017,
    author      = "White, D.",
    title       = "Regenerative Desiccant Compressed Air Dryers",
    journal     = "Compressed Air Best Practice",
    publisher   = "Smith Onandia Communications LLC",
    year        = "2017",
    howpublished = {[Online] \url{https://www.airbestpractices.com/technology/air-treatmentn2/regenerative-desiccant-compressed-air-dryers}},
    note        = "[Accessed 31/3/18]"
}

@misc{engtoolbox_cp,
    author      = "{Engineering ToolBox}",
    title       = "Air - Specific Heat at Constant Pressure and Varying Temperature",
    howpublished = {[Online] \url{https://www.engineeringtoolbox.com/air-specific-heat-capacity-d\_705.html}},
    year        = "2004",
    note        = "[Accessed 4/4/18]",
}

@misc{marshall_swift,
    author      = "Thomas Rieckmann",
    title       = "German and International Cost Indices",
    howpublished = {[Online] \url{https://www.dace.nl/download/?id=10620651}},
    year        = "2009",
    note        = "[Accessed 10/4/18]",
}

@misc{nist,
    author      = "Lemmon, E.W. and McLinden, M.O. and Friend, D.G.",
    title       = {"Thermophysical Properties of Fluid Systems" in NIST Chemistry WebBook, NIST Standard Reference Database Number 69, Eds. P.J. Linstrom and W.G. Mallard},
    howpublished = {[Online] \url{https://webbook.nist.gov/chemistry/fluid/}},
    publisher   = "National Institute of Standards and Technology",
    year        = "2018",
    note        = "[Accessed 28/2/18]"
}

@misc{matches,
    author      = "Milligan, David and Milligan, Judy",
    title       = "Matches' Process Equipment Cost Estimates",
    howpublished = {[Online] \url{http://matche.com/equipcost/Default.html}},
    publisher   = "Matches",
    year        = "2014",
    note        = "[Accessed 1/4/18]"
}

@misc{couper2012,
    author      = "Couper, James R. and Penney, W. Roy and Fair, James R.",
    title       = "Chemical Process Equipment: Selection and Design",
    howpublished = {[Online] \url{http://kkft.bme.hu/htms/kornykozp/Cost.of.Equipments.pdf}},
    publisher   = "Butterworth-Heinemann",
    edition     = "3rd",
    year        = "2012",
    note        = "[Accessed 1/4/18]"
}

@article{control_transfer_function,
    author      = "Luyben, William L.",
    title       = "Derivation of Transfer Functions for Highly Nonlinear Distillation Columns",
    journal     = "Industrial Engineering Chemical Research",
    publisher   = "American Chemical Society",
    year        = "1987",
    issue       = "26",
    pages       = "2490-2495",
    howpublished = {[Online] \url{https://pubs.acs.org/doi/pdf/10.1021/ie00072a017}},
    note        = "[Accessed 24/4/18]",
}

@article{control_time_coefficient,
    author      = "Skogestad, Sigurd and Morari, Manfred",
    title       = "Understanding the Dynamic Behavior of Distillation Columns",
    journal     = "Industrial Engineering Chemical Research",
    publisher   = "American Chemical Society",
    year        = "1988",
    issue       = "27",
    pages       = "1848-1862",
    howpublished = {[Online] \url{https://pdfs.semanticscholar.org/b52d/ea8b8478d82a2894eaa2a96d2544a8936a8d.pdf}},
    note        = "[Accessed 24/4/18]",
}

@misc{PRISM,
    author      = "{Air Products}",
    title       = "PRISM Gas Generation Systems",
    publisher   = "Air Products and Chemicals, Inc",
    year        = "2011",
    howpublished = {[Online] \url{http://www.airproducts.co.uk/\~/media/Files/PDF/products/supply-options/gas-generation/en-GB-prism-gas-generation-systems.pdf?la=en-GB}},
    note        = "[Accessed 24/4/18]",
}

@misc{Hankins,
    author      = "Hankins, Nicholas",
    year        = "2018",
    note        = "Private Discussion within Third Year Project Group Meeting [Discussion 13/2/18]",
}